@BOOK{PLN,
  title = {Probabilistic Logic Networks},
  publisher = {Springer},
  year = {2008},
  author = {Goertzel, B. and M. Ikle and I. Goertzel and Heljakka, A.},
  
}